@unpublished{apuntes,
  author = {Luciano Sánchez Ramos},
  title  = {VA2 - Anomalías},
  year   = {2023},
  note   = {Apuntes de la asignatura de \textit{Inteligencia de Negocio}, EPI Gijón}
}

@misc{source,
  author       = {Juan Mier},
  howpublished = {\url{https://github.com/miermontoto/neg-teo-ii}},
  title        = {neg-teo-ii},
  note         = {Código fuente del trabajo},
  year         = {2023}
}
